[
  {
    "symbol": "GOOGL",
    "year": 2024,
    "period_type": "annual",
    "fiscal_quarter": null,
    "fiscal_label": null,
    "period_end_date": "2024-12-31",
    "revenue": 350018000000,
    "gross_profit": 203712000000,
    "net_income": 100118000000,
    "operating_income": 112390000000,
    "total_assets": 450256000000,
    "total_liabilities": 125172000000,
    "shareholders_equity": 325084000000,
    "operating_cash_flow": 125299000000,
    "eps": 8.13
  },
  {
    "symbol": "GOOGL",
    "year": 2023,
    "period_type": "annual",
    "fiscal_quarter": null,
    "fiscal_label": null,
    "period_end_date": "2023-12-31",
    "revenue": 307394000000,
    "gross_profit": 174062000000,
    "net_income": 73795000000,
    "operating_income": 84293000000,
    "total_assets": 402392000000,
    "total_liabilities": 119013000000,
    "shareholders_equity": 283379000000,
    "operating_cash_flow": 101746000000,
    "eps": 5.84
  },
  {
    "symbol": "GOOGL",
    "year": 2022,
    "period_type": "annual",
    "fiscal_quarter": null,
    "fiscal_label": null,
    "period_end_date": "2022-12-31",
    "revenue": 282836000000,
    "gross_profit": 156633000000,
    "net_income": 59972000000,
    "operating_income": 74842000000,
    "total_assets": 365264000000,
    "total_liabilities": 109120000000,
    "shareholders_equity": 256144000000,
    "operating_cash_flow": 91495000000,
    "eps": 4.59
  },
  {
    "symbol": "GOOGL",
    "year": 2021,
    "period_type": "annual",
    "fiscal_quarter": null,
    "fiscal_label": null,
    "period_end_date": "2021-12-31",
    "revenue": 257637000000,
    "gross_profit": 146698000000,
    "net_income": 76033000000,
    "operating_income": 78714000000,
    "total_assets": 359268000000,
    "total_liabilities": 107633000000,
    "shareholders_equity": 251635000000,
    "operating_cash_flow": 91652000000,
    "eps": 5.69
  },
  {
    "symbol": "GOOGL",
    "year": 2020,
    "period_type": "annual",
    "fiscal_quarter": null,
    "fiscal_label": null,
    "period_end_date": "2020-12-31",
    "revenue": 182527000000,
    "gross_profit": 97795000000,
    "net_income": 40269000000,
    "operating_income": 41224000000,
    "total_assets": 319616000000,
    "total_liabilities": 97072000000,
    "shareholders_equity": 222544000000,
    "operating_cash_flow": 65124000000,
    "eps": 2.96
  },
  {
    "symbol": "GOOGL",
    "year": 2019,
    "period_type": "annual",
    "fiscal_quarter": null,
    "fiscal_label": null,
    "period_end_date": "2019-12-31",
    "revenue": 161857000000,
    "gross_profit": 89961000000,
    "net_income": 34343000000,
    "operating_income": 34231000000,
    "total_assets": 275909000000,
    "total_liabilities": 74467000000,
    "shareholders_equity": 201442000000,
    "operating_cash_flow": 54520000000,
    "eps": 2.48
  },
  {
    "symbol": "GOOGL",
    "year": 2018,
    "period_type": "annual",
    "fiscal_quarter": null,
    "fiscal_label": null,
    "period_end_date": "2018-12-31",
    "revenue": 136819000000,
    "gross_profit": 77270000000,
    "net_income": 30736000000,
    "operating_income": 27524000000,
    "total_assets": 232792000000,
    "total_liabilities": 55164000000,
    "shareholders_equity": 177628000000,
    "operating_cash_flow": 47971000000,
    "eps": 2.21
  },
  {
    "symbol": "GOOGL",
    "year": 2017,
    "period_type": "annual",
    "fiscal_quarter": null,
    "fiscal_label": null,
    "period_end_date": "2017-12-31",
    "revenue": 110855000000,
    "gross_profit": 65272000000,
    "net_income": 12662000000,
    "operating_income": 26178000000,
    "total_assets": 197295000000,
    "total_liabilities": 44793000000,
    "shareholders_equity": 152502000000,
    "operating_cash_flow": 37091000000,
    "eps": 0.91
  },
  {
    "symbol": "GOOGL",
    "year": 2016,
    "period_type": "annual",
    "fiscal_quarter": null,
    "fiscal_label": null,
    "period_end_date": "2016-12-31",
    "revenue": 90272000000,
    "gross_profit": 55134000000,
    "net_income": 19478000000,
    "operating_income": 23716000000,
    "total_assets": 167497000000,
    "total_liabilities": 28461000000,
    "shareholders_equity": 139036000000,
    "operating_cash_flow": 36036000000,
    "eps": 1.42
  },
  {
    "symbol": "GOOGL",
    "year": 2015,
    "period_type": "annual",
    "fiscal_quarter": null,
    "fiscal_label": null,
    "period_end_date": "2015-12-31",
    "revenue": 74989000000,
    "gross_profit": 46825000000,
    "net_income": 16348000000,
    "operating_income": 19360000000,
    "total_assets": 147461000000,
    "total_liabilities": 27130000000,
    "shareholders_equity": 120331000000,
    "operating_cash_flow": 26024000000,
    "eps": 1.16
  },
  {
    "symbol": "GOOGL",
    "year": 2014,
    "period_type": "annual",
    "fiscal_quarter": null,
    "fiscal_label": null,
    "period_end_date": "2014-12-31",
    "revenue": 66001000000,
    "gross_profit": 40310000000,
    "net_income": 14136000000,
    "operating_income": 16496000000,
    "total_assets": 131133000000,
    "total_liabilities": 26633000000,
    "shareholders_equity": 104500000000,
    "operating_cash_flow": 22376000000,
    "eps": 1.07
  },
  {
    "symbol": "GOOGL",
    "year": 2013,
    "period_type": "annual",
    "fiscal_quarter": null,
    "fiscal_label": null,
    "period_end_date": "2013-12-31",
    "revenue": 55519000000,
    "gross_profit": 33526000000,
    "net_income": 12733000000,
    "operating_income": 15403000000,
    "total_assets": 110920000000,
    "total_liabilities": 23611000000,
    "shareholders_equity": 87309000000,
    "operating_cash_flow": 18659000000,
    "eps": 0.97
  },
  {
    "symbol": "GOOGL",
    "year": 2012,
    "period_type": "annual",
    "fiscal_quarter": null,
    "fiscal_label": null,
    "period_end_date": "2012-12-31",
    "revenue": 46039000000,
    "gross_profit": 28863000000,
    "net_income": 10737000000,
    "operating_income": 13834000000,
    "total_assets": 93798000000,
    "total_liabilities": 22083000000,
    "shareholders_equity": 71715000000,
    "operating_cash_flow": 16619000000,
    "eps": 0.82
  },
  {
    "symbol": "GOOGL",
    "year": 2011,
    "period_type": "annual",
    "fiscal_quarter": null,
    "fiscal_label": null,
    "period_end_date": "2011-12-31",
    "revenue": 37905000000,
    "gross_profit": 24717000000,
    "net_income": 9737000000,
    "operating_income": 11742000000,
    "total_assets": 72574000000,
    "total_liabilities": 14429000000,
    "shareholders_equity": 58145000000,
    "operating_cash_flow": 14565000000,
    "eps": 0.75
  },
  {
    "symbol": "GOOGL",
    "year": 2010,
    "period_type": "annual",
    "fiscal_quarter": null,
    "fiscal_label": null,
    "period_end_date": "2010-12-31",
    "revenue": 29321000000,
    "gross_profit": 18904000000,
    "net_income": 8505000000,
    "operating_income": 10381000000,
    "total_assets": 57851000000,
    "total_liabilities": 11610000000,
    "shareholders_equity": 46241000000,
    "operating_cash_flow": 11081000000,
    "eps": 0.67
  },
  {
    "symbol": "GOOGL",
    "year": 2009,
    "period_type": "annual",
    "fiscal_quarter": null,
    "fiscal_label": null,
    "period_end_date": "2009-12-31",
    "revenue": 23651000000,
    "gross_profit": 14807000000,
    "net_income": 6520000000,
    "operating_income": 8312000000,
    "total_assets": 40496778000,
    "total_liabilities": 4492554000,
    "shareholders_equity": 36004224000,
    "operating_cash_flow": 9316198000,
    "eps": 0.52
  },
  {
    "symbol": "GOOGL",
    "year": 2008,
    "period_type": "annual",
    "fiscal_quarter": null,
    "fiscal_label": null,
    "period_end_date": "2008-12-31",
    "revenue": 21796000000,
    "gross_profit": 13174000000,
    "net_income": 4227000000,
    "operating_income": 6632000000,
    "total_assets": 31767575000,
    "total_liabilities": 3528713000,
    "shareholders_equity": 28238862000,
    "operating_cash_flow": 7852857000,
    "eps": 0.34
  },
  {
    "symbol": "GOOGL",
    "year": 2007,
    "period_type": "annual",
    "fiscal_quarter": null,
    "fiscal_label": null,
    "period_end_date": "2007-12-31",
    "revenue": 16593986000,
    "gross_profit": 9944901000,
    "net_income": 4203720000,
    "operating_income": 5084400000,
    "total_assets": 25335806000,
    "total_liabilities": 2646127000,
    "shareholders_equity": 22689679000,
    "operating_cash_flow": 5775410000,
    "eps": 0.34
  },
  {
    "symbol": "GOOGL",
    "year": 2006,
    "period_type": "annual",
    "fiscal_quarter": null,
    "fiscal_label": null,
    "period_end_date": "2006-12-31",
    "revenue": 10604917000,
    "gross_profit": 6379890000,
    "net_income": 3077446000,
    "operating_income": 3549996000,
    "total_assets": 18473351000,
    "total_liabilities": 1433511000,
    "shareholders_equity": 17039840000,
    "operating_cash_flow": 3580508000,
    "eps": 0.26
  },
  {
    "symbol": "GOOGL",
    "year": 2005,
    "period_type": "annual",
    "fiscal_quarter": null,
    "fiscal_label": null,
    "period_end_date": "2005-12-31",
    "revenue": 6138560000,
    "gross_profit": 3561472000,
    "net_income": 1465397000,
    "operating_income": 2017278000,
    "total_assets": 10271813000,
    "total_liabilities": 852856000,
    "shareholders_equity": 9418957000,
    "operating_cash_flow": 2459422000,
    "eps": 0.13
  },
  {
    "symbol": "GOOGL",
    "year": 2025,
    "period_type": "quarterly",
    "fiscal_quarter": 3,
    "fiscal_label": "2025-Q3",
    "period_end_date": "2025-09-30",
    "revenue": 102346000000,
    "gross_profit": 60977000000,
    "net_income": 34979000000,
    "operating_income": 31228000000,
    "total_assets": 536469000000,
    "total_liabilities": 149602000000,
    "shareholders_equity": 386867000000,
    "operating_cash_flow": 48414000000,
    "eps": 2.89
  },
  {
    "symbol": "GOOGL",
    "year": 2025,
    "period_type": "quarterly",
    "fiscal_quarter": 2,
    "fiscal_label": "2025-Q2",
    "period_end_date": "2025-06-30",
    "revenue": 96428000000,
    "gross_profit": 57389000000,
    "net_income": 28196000000,
    "operating_income": 31271000000,
    "total_assets": 502053000000,
    "total_liabilities": 139137000000,
    "shareholders_equity": 362916000000,
    "operating_cash_flow": 27747000000,
    "eps": 2.33
  },
  {
    "symbol": "GOOGL",
    "year": 2025,
    "period_type": "quarterly",
    "fiscal_quarter": 1,
    "fiscal_label": "2025-Q1",
    "period_end_date": "2025-03-31",
    "revenue": 90234000000,
    "gross_profit": 53873000000,
    "net_income": 34540000000,
    "operating_income": 30606000000,
    "total_assets": 475374000000,
    "total_liabilities": 130107000000,
    "shareholders_equity": 345267000000,
    "operating_cash_flow": 36150000000,
    "eps": 2.84
  },
  {
    "symbol": "GOOGL",
    "year": 2024,
    "period_type": "quarterly",
    "fiscal_quarter": 4,
    "fiscal_label": "2024-Q4",
    "period_end_date": "2024-12-31",
    "revenue": 96469000000,
    "gross_profit": 55856000000,
    "net_income": 26536000000,
    "operating_income": 30972000000,
    "total_assets": 450256000000,
    "total_liabilities": 125172000000,
    "shareholders_equity": 325084000000,
    "operating_cash_flow": 39113000000,
    "eps": 2.17
  },
  {
    "symbol": "GOOGL",
    "year": 2024,
    "period_type": "quarterly",
    "fiscal_quarter": 3,
    "fiscal_label": "2024-Q3",
    "period_end_date": "2024-09-30",
    "revenue": 88268000000,
    "gross_profit": 51794000000,
    "net_income": 26301000000,
    "operating_income": 28521000000,
    "total_assets": 430266000000,
    "total_liabilities": 116147000000,
    "shareholders_equity": 314119000000,
    "operating_cash_flow": 30698000000,
    "eps": 2.14
  },
  {
    "symbol": "GOOGL",
    "year": 2024,
    "period_type": "quarterly",
    "fiscal_quarter": 2,
    "fiscal_label": "2024-Q2",
    "period_end_date": "2024-06-30",
    "revenue": 84742000000,
    "gross_profit": 49235000000,
    "net_income": 23619000000,
    "operating_income": 27425000000,
    "total_assets": 414770000000,
    "total_liabilities": 114017000000,
    "shareholders_equity": 300753000000,
    "operating_cash_flow": 26640000000,
    "eps": 1.91
  },
  {
    "symbol": "GOOGL",
    "year": 2024,
    "period_type": "quarterly",
    "fiscal_quarter": 1,
    "fiscal_label": "2024-Q1",
    "period_end_date": "2024-03-31",
    "revenue": 80539000000,
    "gross_profit": 46827000000,
    "net_income": 23662000000,
    "operating_income": 25472000000,
    "total_assets": 407350000000,
    "total_liabilities": 114506000000,
    "shareholders_equity": 292844000000,
    "operating_cash_flow": 28848000000,
    "eps": 1.91
  },
  {
    "symbol": "GOOGL",
    "year": 2023,
    "period_type": "quarterly",
    "fiscal_quarter": 4,
    "fiscal_label": "2023-Q4",
    "period_end_date": "2023-12-31",
    "revenue": 86310000000,
    "gross_profit": 48735000000,
    "net_income": 20687000000,
    "operating_income": 23697000000,
    "total_assets": 402392000000,
    "total_liabilities": 119013000000,
    "shareholders_equity": 283379000000,
    "operating_cash_flow": 18915000000,
    "eps": 1.66
  },
  {
    "symbol": "GOOGL",
    "year": 2023,
    "period_type": "quarterly",
    "fiscal_quarter": 3,
    "fiscal_label": "2023-Q3",
    "period_end_date": "2023-09-30",
    "revenue": 76693000000,
    "gross_profit": 43464000000,
    "net_income": 19689000000,
    "operating_income": 21343000000,
    "total_assets": 396711000000,
    "total_liabilities": 123509000000,
    "shareholders_equity": 273202000000,
    "operating_cash_flow": 30656000000,
    "eps": 1.57
  },
  {
    "symbol": "GOOGL",
    "year": 2023,
    "period_type": "quarterly",
    "fiscal_quarter": 2,
    "fiscal_label": "2023-Q2",
    "period_end_date": "2023-06-30",
    "revenue": 74604000000,
    "gross_profit": 42688000000,
    "net_income": 18368000000,
    "operating_income": 21838000000,
    "total_assets": 383044000000,
    "total_liabilities": 115903000000,
    "shareholders_equity": 267141000000,
    "operating_cash_flow": 28666000000,
    "eps": 1.45
  },
  {
    "symbol": "GOOGL",
    "year": 2023,
    "period_type": "quarterly",
    "fiscal_quarter": 1,
    "fiscal_label": "2023-Q1",
    "period_end_date": "2023-03-31",
    "revenue": 69787000000,
    "gross_profit": 39175000000,
    "net_income": 15051000000,
    "operating_income": 17415000000,
    "total_assets": 369491000000,
    "total_liabilities": 108597000000,
    "shareholders_equity": 260894000000,
    "operating_cash_flow": 23509000000,
    "eps": 1.18
  },
  {
    "symbol": "GOOGL",
    "year": 2022,
    "period_type": "quarterly",
    "fiscal_quarter": 4,
    "fiscal_label": "2022-Q4",
    "period_end_date": "2022-12-31",
    "revenue": 76048000000,
    "gross_profit": 40706000000,
    "net_income": 13624000000,
    "operating_income": 18160000000,
    "total_assets": 365264000000,
    "total_liabilities": 109120000000,
    "shareholders_equity": 256144000000,
    "operating_cash_flow": 23614000000,
    "eps": 1.06
  },
  {
    "symbol": "GOOGL",
    "year": 2022,
    "period_type": "quarterly",
    "fiscal_quarter": 3,
    "fiscal_label": "2022-Q3",
    "period_end_date": "2022-09-30",
    "revenue": 69092000000,
    "gross_profit": 37934000000,
    "net_income": 13910000000,
    "operating_income": 17135000000,
    "total_assets": 358255000000,
    "total_liabilities": 104629000000,
    "shareholders_equity": 253626000000,
    "operating_cash_flow": 23353000000,
    "eps": 1.07
  },
  {
    "symbol": "GOOGL",
    "year": 2022,
    "period_type": "quarterly",
    "fiscal_quarter": 2,
    "fiscal_label": "2022-Q2",
    "period_end_date": "2022-06-30",
    "revenue": 69685000000,
    "gross_profit": 39581000000,
    "net_income": 16002000000,
    "operating_income": 19453000000,
    "total_assets": 355185000000,
    "total_liabilities": 99766000000,
    "shareholders_equity": 255419000000,
    "operating_cash_flow": 19422000000,
    "eps": 1.22
  },
  {
    "symbol": "GOOGL",
    "year": 2022,
    "period_type": "quarterly",
    "fiscal_quarter": 1,
    "fiscal_label": "2022-Q1",
    "period_end_date": "2022-03-31",
    "revenue": 68011000000,
    "gross_profit": 38412000000,
    "net_income": 16436000000,
    "operating_income": 20094000000,
    "total_assets": 357096000000,
    "total_liabilities": 103092000000,
    "shareholders_equity": 254004000000,
    "operating_cash_flow": 25106000000,
    "eps": 1.24
  },
  {
    "symbol": "GOOGL",
    "year": 2021,
    "period_type": "quarterly",
    "fiscal_quarter": 4,
    "fiscal_label": "2021-Q4",
    "period_end_date": "2021-12-31",
    "revenue": 75325000000,
    "gross_profit": 42337000000,
    "net_income": 20642000000,
    "operating_income": 21885000000,
    "total_assets": 359268000000,
    "total_liabilities": 107633000000,
    "shareholders_equity": 251635000000,
    "operating_cash_flow": 24934000000,
    "eps": 1.56
  },
  {
    "symbol": "GOOGL",
    "year": 2021,
    "period_type": "quarterly",
    "fiscal_quarter": 3,
    "fiscal_label": "2021-Q3",
    "period_end_date": "2021-09-30",
    "revenue": 65118000000,
    "gross_profit": 37497000000,
    "net_income": 18936000000,
    "operating_income": 21031000000,
    "total_assets": 347403000000,
    "total_liabilities": 102836000000,
    "shareholders_equity": 244567000000,
    "operating_cash_flow": 25539000000,
    "eps": 1.42
  },
  {
    "symbol": "GOOGL",
    "year": 2021,
    "period_type": "quarterly",
    "fiscal_quarter": 2,
    "fiscal_label": "2021-Q2",
    "period_end_date": "2021-06-30",
    "revenue": 61880000000,
    "gross_profit": 35653000000,
    "net_income": 18525000000,
    "operating_income": 19361000000,
    "total_assets": 335387000000,
    "total_liabilities": 97822000000,
    "shareholders_equity": 237565000000,
    "operating_cash_flow": 21890000000,
    "eps": 1.38
  },
  {
    "symbol": "GOOGL",
    "year": 2021,
    "period_type": "quarterly",
    "fiscal_quarter": 1,
    "fiscal_label": "2021-Q1",
    "period_end_date": "2021-03-31",
    "revenue": 55314000000,
    "gross_profit": 31211000000,
    "net_income": 17930000000,
    "operating_income": 16437000000,
    "total_assets": 327095000000,
    "total_liabilities": 97082000000,
    "shareholders_equity": 230013000000,
    "operating_cash_flow": 19289000000,
    "eps": 1.33
  },
  {
    "symbol": "GOOGL",
    "year": 2020,
    "period_type": "quarterly",
    "fiscal_quarter": 4,
    "fiscal_label": "2020-Q4",
    "period_end_date": "2020-12-31",
    "revenue": 56898000000,
    "gross_profit": 30818000000,
    "net_income": 15227000000,
    "operating_income": 15651000000,
    "total_assets": 319616000000,
    "total_liabilities": 97072000000,
    "shareholders_equity": 222544000000,
    "operating_cash_flow": 22677000000,
    "eps": 1.13
  },
  {
    "symbol": "GOOGL",
    "year": 2020,
    "period_type": "quarterly",
    "fiscal_quarter": 3,
    "fiscal_label": "2020-Q3",
    "period_end_date": "2020-09-30",
    "revenue": 46173000000,
    "gross_profit": 25056000000,
    "net_income": 11247000000,
    "operating_income": 11213000000,
    "total_assets": 299243000000,
    "total_liabilities": 86323000000,
    "shareholders_equity": 212920000000,
    "operating_cash_flow": 17003000000,
    "eps": 0.83
  },
  {
    "symbol": "GOOGL",
    "year": 2020,
    "period_type": "quarterly",
    "fiscal_quarter": 2,
    "fiscal_label": "2020-Q2",
    "period_end_date": "2020-06-30",
    "revenue": 38297000000,
    "gross_profit": 19744000000,
    "net_income": 6959000000,
    "operating_income": 6383000000,
    "total_assets": 278492000000,
    "total_liabilities": 71170000000,
    "shareholders_equity": 207322000000,
    "operating_cash_flow": 13993000000,
    "eps": 0.51
  },
  {
    "symbol": "GOOGL",
    "year": 2020,
    "period_type": "quarterly",
    "fiscal_quarter": 1,
    "fiscal_label": "2020-Q1",
    "period_end_date": "2020-03-31",
    "revenue": 41159000000,
    "gross_profit": 22177000000,
    "net_income": 6836000000,
    "operating_income": 7977000000,
    "total_assets": 273403000000,
    "total_liabilities": 69744000000,
    "shareholders_equity": 203659000000,
    "operating_cash_flow": 11451000000,
    "eps": 0.5
  },
  {
    "symbol": "GOOGL",
    "year": 2019,
    "period_type": "quarterly",
    "fiscal_quarter": 4,
    "fiscal_label": "2019-Q4",
    "period_end_date": "2019-12-31",
    "revenue": 46075000000,
    "gross_profit": 25055000000,
    "net_income": 10671000000,
    "operating_income": 9266000000,
    "total_assets": 275909000000,
    "total_liabilities": 74467000000,
    "shareholders_equity": 201442000000,
    "operating_cash_flow": 14427000000,
    "eps": 0.77
  },
  {
    "symbol": "GOOGL",
    "year": 2019,
    "period_type": "quarterly",
    "fiscal_quarter": 3,
    "fiscal_label": "2019-Q3",
    "period_end_date": "2019-09-30",
    "revenue": 40499000000,
    "gross_profit": 22931000000,
    "net_income": 7068000000,
    "operating_income": 9177000000,
    "total_assets": 263044000000,
    "total_liabilities": 68075000000,
    "shareholders_equity": 194969000000,
    "operating_cash_flow": 15466000000,
    "eps": 0.51
  },
  {
    "symbol": "GOOGL",
    "year": 2019,
    "period_type": "quarterly",
    "fiscal_quarter": 2,
    "fiscal_label": "2019-Q2",
    "period_end_date": "2019-06-30",
    "revenue": 38944000000,
    "gross_profit": 21648000000,
    "net_income": 9947000000,
    "operating_income": 9180000000,
    "total_assets": 257101000000,
    "total_liabilities": 64909000000,
    "shareholders_equity": 192192000000,
    "operating_cash_flow": 12627000000,
    "eps": 0.72
  },
  {
    "symbol": "GOOGL",
    "year": 2019,
    "period_type": "quarterly",
    "fiscal_quarter": 1,
    "fiscal_label": "2019-Q1",
    "period_end_date": "2019-03-31",
    "revenue": 36339000000,
    "gross_profit": 20327000000,
    "net_income": 6657000000,
    "operating_income": 6608000000,
    "total_assets": 245349000000,
    "total_liabilities": 61877000000,
    "shareholders_equity": 183472000000,
    "operating_cash_flow": 12000000000,
    "eps": 0.48
  },
  {
    "symbol": "GOOGL",
    "year": 2018,
    "period_type": "quarterly",
    "fiscal_quarter": 4,
    "fiscal_label": "2018-Q4",
    "period_end_date": "2018-12-31",
    "revenue": 39276000000,
    "gross_profit": 21358000000,
    "net_income": 8948000000,
    "operating_income": 8203000000,
    "total_assets": 232792000000,
    "total_liabilities": 55164000000,
    "shareholders_equity": 177628000000,
    "operating_cash_flow": 12987000000,
    "eps": 0.64
  },
  {
    "symbol": "GOOGL",
    "year": 2018,
    "period_type": "quarterly",
    "fiscal_quarter": 3,
    "fiscal_label": "2018-Q3",
    "period_end_date": "2018-09-30",
    "revenue": 33740000000,
    "gross_profit": 19459000000,
    "net_income": 9192000000,
    "operating_income": 8625000000,
    "total_assets": 221538000000,
    "total_liabilities": 51698000000,
    "shareholders_equity": 169840000000,
    "operating_cash_flow": 13210000000,
    "eps": 0.66
  },
  {
    "symbol": "GOOGL",
    "year": 2018,
    "period_type": "quarterly",
    "fiscal_quarter": 2,
    "fiscal_label": "2018-Q2",
    "period_end_date": "2018-06-30",
    "revenue": 32657000000,
    "gross_profit": 18774000000,
    "net_income": 3195000000,
    "operating_income": 3045000000,
    "total_assets": 211610000000,
    "total_liabilities": 49610000000,
    "shareholders_equity": 162000000000,
    "operating_cash_flow": 10132000000,
    "eps": 0.23
  },
  {
    "symbol": "GOOGL",
    "year": 2018,
    "period_type": "quarterly",
    "fiscal_quarter": 1,
    "fiscal_label": "2018-Q1",
    "period_end_date": "2018-03-31",
    "revenue": 31146000000,
    "gross_profit": 17679000000,
    "net_income": 9401000000,
    "operating_income": 7633000000,
    "total_assets": 206935000000,
    "total_liabilities": 46110000000,
    "shareholders_equity": 160825000000,
    "operating_cash_flow": 11642000000,
    "eps": 0.68
  },
  {
    "symbol": "GOOGL",
    "year": 2017,
    "period_type": "quarterly",
    "fiscal_quarter": 4,
    "fiscal_label": "2017-Q4",
    "period_end_date": "2017-12-31",
    "revenue": 32323000000,
    "gross_profit": 18056000000,
    "net_income": -3020000000,
    "operating_income": 7664000000,
    "total_assets": 197295000000,
    "total_liabilities": 44793000000,
    "shareholders_equity": 152502000000,
    "operating_cash_flow": 10268000000,
    "eps": -0.22
  },
  {
    "symbol": "GOOGL",
    "year": 2017,
    "period_type": "quarterly",
    "fiscal_quarter": 3,
    "fiscal_label": "2017-Q3",
    "period_end_date": "2017-09-30",
    "revenue": 27772000000,
    "gross_profit": 16624000000,
    "net_income": 6732000000,
    "operating_income": 7782000000,
    "total_assets": 189536000000,
    "total_liabilities": 32436000000,
    "shareholders_equity": 157100000000,
    "operating_cash_flow": 9872000000,
    "eps": 0.49
  },
  {
    "symbol": "GOOGL",
    "year": 2017,
    "period_type": "quarterly",
    "fiscal_quarter": 2,
    "fiscal_label": "2017-Q2",
    "period_end_date": "2017-06-30",
    "revenue": 26010000000,
    "gross_profit": 15637000000,
    "net_income": 3524000000,
    "operating_income": 4132000000,
    "total_assets": 178621000000,
    "total_liabilities": 30335000000,
    "shareholders_equity": 148286000000,
    "operating_cash_flow": 7403000000,
    "eps": 0.25
  },
  {
    "symbol": "GOOGL",
    "year": 2017,
    "period_type": "quarterly",
    "fiscal_quarter": 1,
    "fiscal_label": "2017-Q1",
    "period_end_date": "2017-03-31",
    "revenue": 24750000000,
    "gross_profit": 14955000000,
    "net_income": 5426000000,
    "operating_income": 6568000000,
    "total_assets": 172756000000,
    "total_liabilities": 27807000000,
    "shareholders_equity": 144949000000,
    "operating_cash_flow": 9548000000,
    "eps": 0.39
  },
  {
    "symbol": "GOOGL",
    "year": 2016,
    "period_type": "quarterly",
    "fiscal_quarter": 4,
    "fiscal_label": "2016-Q4",
    "period_end_date": "2016-12-31",
    "revenue": 26064000000,
    "gross_profit": 15403000000,
    "net_income": 5333000000,
    "operating_income": 6639000000,
    "total_assets": 167497000000,
    "total_liabilities": 28461000000,
    "shareholders_equity": 139036000000,
    "operating_cash_flow": 9413000000,
    "eps": 0.39
  },
  {
    "symbol": "GOOGL",
    "year": 2016,
    "period_type": "quarterly",
    "fiscal_quarter": 3,
    "fiscal_label": "2016-Q3",
    "period_end_date": "2016-09-30",
    "revenue": 22451000000,
    "gross_profit": 13752000000,
    "net_income": 5061000000,
    "operating_income": 5767000000,
    "total_assets": 159948000000,
    "total_liabilities": 25845000000,
    "shareholders_equity": 134103000000,
    "operating_cash_flow": 9845000000,
    "eps": 0.37
  },
  {
    "symbol": "GOOGL",
    "year": 2016,
    "period_type": "quarterly",
    "fiscal_quarter": 2,
    "fiscal_label": "2016-Q2",
    "period_end_date": "2016-06-30",
    "revenue": 21500000000,
    "gross_profit": 13370000000,
    "net_income": 4877000000,
    "operating_income": 5968000000,
    "total_assets": 154292000000,
    "total_liabilities": 26413000000,
    "shareholders_equity": 127879000000,
    "operating_cash_flow": 9120000000,
    "eps": 0.36
  },
  {
    "symbol": "GOOGL",
    "year": 2016,
    "period_type": "quarterly",
    "fiscal_quarter": 1,
    "fiscal_label": "2016-Q1",
    "period_end_date": "2016-03-31",
    "revenue": 20257000000,
    "gross_profit": 12609000000,
    "net_income": 4207000000,
    "operating_income": 5342000000,
    "total_assets": 149747000000,
    "total_liabilities": 26178000000,
    "shareholders_equity": 123569000000,
    "operating_cash_flow": 7658000000,
    "eps": 0.31
  },
  {
    "symbol": "GOOGL",
    "year": 2015,
    "period_type": "quarterly",
    "fiscal_quarter": 4,
    "fiscal_label": "2015-Q4",
    "period_end_date": "2015-12-31",
    "revenue": 21329000000,
    "gross_profit": 13141000000,
    "net_income": 4923000000,
    "operating_income": 5380000000,
    "total_assets": 147461000000,
    "total_liabilities": 27130000000,
    "shareholders_equity": 120331000000,
    "operating_cash_flow": 6415000000,
    "eps": 0.36
  }
]